<record><leader>00000nas a22000007i 4500</leader><controlfield tag="001">855671989</controlfield><controlfield tag="008">130813c20139999kyuwr n       |   a0eng  </controlfield><datafield ind1=" " ind2=" " tag="010"><subfield code="a">  2013201600</subfield></datafield><datafield ind1=" " ind2=" " tag="040"><subfield code="a">DLC</subfield><subfield code="b">eng</subfield><subfield code="e">rda</subfield><subfield code="c">DLC</subfield></datafield><datafield ind1=" " ind2=" " tag="012"><subfield code="l">1</subfield></datafield><datafield ind1="1" ind2=" " tag="022"><subfield code="a">2330-4669</subfield><subfield code="2">1</subfield></datafield><datafield ind1=" " ind2=" " tag="037"><subfield code="b">Lewis County Gazette, 52 Second Street, Vanceburg, KY 41179</subfield></datafield><datafield ind1=" " ind2=" " tag="042"><subfield code="a">nsdp</subfield><subfield code="a">pcc</subfield></datafield><datafield ind1="1" ind2="0" tag="050"><subfield code="a">ISSN RECORD</subfield></datafield><datafield ind1="0" ind2=" " tag="130"><subfield code="a">Lewis County gazette (Vanceburg, Ky.)</subfield></datafield><datafield ind1=" " ind2="0" tag="222"><subfield code="a">Lewis County gazette</subfield></datafield><datafield ind1="1" ind2="0" tag="245"><subfield code="a">Lewis County gazette.</subfield></datafield><datafield ind1=" " ind2="1" tag="264"><subfield code="a">[Vanceburg, KY] :</subfield><subfield code="b">[Lewis County Gazette LLC],</subfield><subfield code="c">2013-</subfield></datafield><datafield ind1=" " ind2=" " tag="310"><subfield code="a">Weekly</subfield></datafield><datafield ind1=" " ind2=" " tag="336"><subfield code="a">text</subfield><subfield code="b">txt</subfield><subfield code="2">rdacontent</subfield></datafield><datafield ind1=" " ind2=" " tag="337"><subfield code="a">unmediated</subfield><subfield code="b">n</subfield><subfield code="2">rdamedia</subfield></datafield><datafield ind1=" " ind2=" " tag="338"><subfield code="a">volume</subfield><subfield code="b">nc</subfield><subfield code="2">rdacarrier</subfield></datafield><datafield ind1="1" ind2=" " tag="362"><subfield code="a">Began with: Volume 1, issue 1 (March 26, 2013).</subfield></datafield><datafield ind1=" " ind2=" " tag="588"><subfield code="a">Description based on: Volume 1, issue 1 (March 26, 2013); title from banner.</subfield></datafield><datafield ind1=" " ind2=" " tag="588"><subfield code="a">Latest issue consulted: Volume 1, issue 1 (March 26, 2013).</subfield></datafield></record>